
@INPROCEEDINGS{LeCun06atutorial,
    author = {LeCun Y. et al.},
    title = {A tutorial on energy-based learning},
    booktitle = {PREDICTING STRUCTURED DATA},
    year = {2006},
    publisher = {MIT Press}
}

@book{florenzano2001ConvexAnalysis,
	address = {Berlin Heidelberg},
	series = {Studies in {Economic} {Theory}},
	title = {Finite {Dimensional} {Convexity} and {Optimization}},
	isbn = {978-3-540-41516-9},
	url = {//www.springer.com/gp/book/9783540415169},
	language = {en},
	urldate = {2018-11-12},
	publisher = {Springer-Verlag},
	author = {Florenzano, Monique and Van, Cuong Le},
	year = {2001},
}

@INPROCEEDINGS{Glorot10Initialization,
    author = {Xavier Glorot and Yoshua Bengio},
    title = {Understanding the difficulty of training deep feedforward neural networks},
    booktitle = {In Proceedings of the International Conference on Artificial Intelligence and Statistics (AISTATSâ€™10). Society for Artificial Intelligence and Statistics},
    year = {2010}
}

@ARTICLE{eswaranSingh2015SomeTheoremsForFFNN,
   author = {{Eswaran}, K. and {Singh}, V.},
    title = "{Some Theorems for Feed Forward Neural Networks}",
  journal = {International Journal of Computer Applications},
archivePrefix = "arXiv",
   eprint = {1509.05177},
     year = 2015,
    month = nov,
   volume = 130,
   number = 7,
    pages = {1-17},
      doi = {10.5120/ijca2015907021},
   adsurl = {http://adsabs.harvard.edu/abs/2015IJCA..130g...1E},
  adsnote = {Provided by the SAO/NASA Astrophysics Data System}
}

@ARTICLE{ramachandranEtAl2017SearchingForActivationFunctions,
   author = {{Ramachandran}, P. and {Zoph}, B. and {Le}, Q.~V.},
    title = "{Swish: a Self-Gated Activation Function}",
  journal = {ArXiv e-prints},
archivePrefix = "arXiv",
   eprint = {1710.05941},
 keywords = {Computer Science - Neural and Evolutionary Computing, Computer Science - Computer Vision and Pattern Recognition, Computer Science - Learning},
     year = 2017,
    month = oct,
   adsurl = {http://adsabs.harvard.edu/abs/2017arXiv171005941R},
  adsnote = {Provided by the SAO/NASA Astrophysics Data System}
}

@article{Hearst1998SupportVectorMachines,
 author = {Hearst, M. A.},
 title = {Support Vector Machines},
 journal = {IEEE Intelligent Systems},
 issue_date = {July 1998},
 volume = {13},
 number = {4},
 month = jul,
 year = {1998},
 issn = {1541-1672},
 pages = {18--28},
 numpages = {11},
 url = {http://dx.doi.org/10.1109/5254.708428},
 doi = {10.1109/5254.708428},
 acmid = {630387},
 publisher = {IEEE Educational Activities Department},
 address = {Piscataway, NJ, USA},
} 

@article{Burges1998TutorialOnSVMForPatternRecognition,
 author = {Burges, C.J.C.},
 title = {A Tutorial on Support Vector Machines for Pattern Recognition},
 journal = {Data Min. Knowl. Discov.},
 issue_date = {June 1998},
 volume = {2},
 number = {2},
 month = jun,
 year = {1998},
 issn = {1384-5810},
 pages = {121--167},
 numpages = {47},
 url = {https://doi.org/10.1023/A:1009715923555},
 doi = {10.1023/A:1009715923555},
 acmid = {593463},
 publisher = {Kluwer Academic Publishers},
 address = {Hingham, MA, USA},
 keywords = {VC dimension, pattern recognition, statistical learning theory, support vector machines},
} 

@book{munkres2000Topology,
  title={Topology},
  author={Munkres, J.R.},
  isbn={9780131816299},
  lccn={99052942},
  series={Featured Titles for Topology Series},
  url={https://books.google.es/books?id=XjoZAQAAIAAJ},
  year={2000},
  publisher={Prentice Hall, Incorporated}
}

@article{Lima1988JordanBrouwerSeparationTheoremSmoothHyperSurfaces,
 author = {Lima, Elon L.},
 title = {The Jordan-Brouwer Separation Theorem for Smooth Hypersurfaces},
 journal = {Am. Math. Monthly},
 issue_date = {Jan. 1988},
 volume = {95},
 number = {1},
 month = jan,
 year = {1988},
 issn = {0002-9890},
 pages = {39--42},
 numpages = {4},
 url = {http://dx.doi.org/10.2307/2323445},
 doi = {10.2307/2323445},
 acmid = {43750},
 publisher = {Mathematical Association of America},
 address = {Washington, DC, USA},
} 

@inproceedings{corless2000NumericalImplicitizationOfParametericHypersurfaces,
 author = {Corless, Robert M. and Giesbrecht, Mark and Kotsireas, Ilias S. and Watt, Stephen M.},
 title = {Numerical Implicitization of Parametric Hypersurfaces with Linear Algebra},
 booktitle = {Revised Papers from the International Conference on Artificial Intelligence and Symbolic Computation},
 series = {AISC '00},
 year = {2001},
 isbn = {3-540-42071-1},
 pages = {174--183},
 numpages = {10},
 url = {http://dl.acm.org/citation.cfm?id=648167.750509},
 acmid = {750509},
 publisher = {Springer-Verlag},
 address = {Berlin, Heidelberg},
} 


@ARTICLE{schoenholtzPenningtonSohlDickstein2017MFTAndRandomNeuralNetworks, author = {Schoenholz, S.S.,Pennington J., Sohl-Dickstein J.}, title = "{A Correspondence Between Random Neural Networks and Statistical Field Theory}", journal = {ArXiv e-prints}, archivePrefix = "arXiv", eprint = {1710.06570}, primaryClass = "stat.ML", keywords = {Statistics - Machine Learning, Condensed Matter - Disordered Systems and Neural Networks, Computer Science - Machine Learning}, year = 2017, month = oct, adsurl = {http://adsabs.harvard.edu/abs/2017arXiv171006570S}, adsnote = {Provided by the SAO/NASA Astrophysics Data System} } 
 

@book{Weihrauch2013ComputableAnalysis,
 author = {Weihrauch, Klaus},
 title = {Computable Analysis: An Introduction},
 year = {2013},
 isbn = {3642631029, 9783642631023},
 edition = {1st},
 publisher = {Springer Publishing Company, Incorporated},
} 
@article{He2015BigIntoRELU,
  title={Delving Deep into Rectifiers: Surpassing Human-Level Performance on ImageNet Classification},
  author={Kaiming He and Xiangyu Zhang and Shaoqing Ren and Jian Sun},
  journal={2015 IEEE International Conference on Computer Vision (ICCV)},
  year={2015},
  pages={1026-1034}
}
@inproceedings{weihrauch2000computableUrysohnLemma,
	title = {On {Computable} {Metric} {Spaces} {Tietze}-{Urysohn} {Extension} {Is} {Computable}},
	url = {https://link.springer.com/chapter/10.1007/3-540-45335-0_21},
	doi = {10.1007/3-540-45335-0_21},
	language = {en},
	urldate = {2018-11-16},
	booktitle = {Computability and {Complexity} in {Analysis}},
	publisher = {Springer, Berlin, Heidelberg},
	author = {Weihrauch, Klaus},
	month = sep,
	year = {2000},
	pages = {357--368},
}

@article{Zhang2016RethinkingGeneralization,
  title={Understanding deep learning requires rethinking generalization},
  author={Chiyuan Zhang and Samy Bengio and Moritz Hardt and Benjamin Recht and Oriol Vinyals},
  journal={CoRR},
  year={2016},
  volume={abs/1611.03530}
}

@ARTICLE{lecun2015DeepLearningBig,
    author = {LeCun, Yann and Bengio, Yoshua and Hinton, Geoffrey},
     month = may,
     title = {Deep learning},
   journal = {Nature},
    volume = {521},
    number = {7553},
      year = {2015},
     pages = {436--444},
      issn = {0028-0836},
       url = {http://dx.doi.org/10.1038/nature14539},
       doi = {10.1038/nature14539},
  }
  
  @article{QiEtAl2016EnsembleMeetsDeepLearning,
   author = {Qi, Zhiquan and Wang, Bo and Tian, Yingjie and Zhang, Peng},
   title = {When Ensemble Learning Meets Deep Learning},
   journal = {Know.-Based Syst.},
   issue_date = {September 2016},
   volume = {107},
   number = {C},
   month = sep,
   year = {2016},
   issn = {0950-7051},
   pages = {54--60},
   numpages = {7},
   url = {https://doi.org/10.1016/j.knosys.2016.05.055},
   doi = {10.1016/j.knosys.2016.05.055},
   acmid = {2974321},
   publisher = {Elsevier Science Publishers B. V.},
   address = {Amsterdam, The Netherlands, The Netherlands},
   keywords = {Deep architectures, Pattern recognition, Support vector machine},
} 

@inproceedings{Tang2013DeepLU,
  title={Deep Learning using Linear Support Vector Machines},
  author={Yichuan Tang},
  year={2013}
}

@misc{zhang2015DeepNeuralSVMForSpeechRecognition,
author = {Zhang, Shi-Xiong and Liu, Chaojun and Yao, Kaisheng and Gong, Yifan},
year = {2015},
month = {04},
pages = {},
title = {Deep neural support vector machines for speech recognition},
volume = {2015},
doi = {10.1109/ICASSP.2015.7178777}
}